@article{PaceLawReview,
author = {Yaggi, Marc A},
issn = {0738-6206},
journal = {Pace environmental law review},
keywords = {Cases ; Marine mammals},
language = {eng},
number = {1},
pages = {409-},
publisher = {Pace University},
title = {Taking aim at the Marine Mammal Protection Act},
volume = {14},
year = {1996},
}
